%YAML 1.1
%TAG !u! tag:unity3d.com,2011:
--- !u!243 &-7446882417477552091
AudioMixerGroupController:
  m_ObjectHideFlags: 0
  m_CorrespondingSourceObject: {fileID: 0}
  m_PrefabInstance: {fileID: 0}
  m_PrefabAsset: {fileID: 0}
  m_Name: Music
  m_AudioMixer: {fileID: 24100000}
  m_GroupID: 77c047079836b3f41ba9aae2a34d79c9
  m_Children: []
  m_Volume: ac7f71f419f3db442bc44c4a78c5239a
  m_Pitch: 5c9e0ea494dfa124bbe18181a22eb7ba
  m_Send: 00000000000000000000000000000000
  m_Effects:
  - {fileID: 3304271340011188534}
  m_UserColorIndex: 0
  m_Mute: 0
  m_Solo: 0
  m_BypassEffects: 0
--- !u!241 &24100000
AudioMixerController:
  m_ObjectHideFlags: 0
  m_CorrespondingSourceObject: {fileID: 0}
  m_PrefabInstance: {fileID: 0}
  m_PrefabAsset: {fileID: 0}
  m_Name: MainMixer
  m_OutputGroup: {fileID: 0}
  m_MasterGroup: {fileID: 24300002}
  m_Snapshots:
  - {fileID: 24500006}
  m_StartSnapshot: {fileID: 24500006}
  m_SuspendThreshold: -80
  m_EnableSuspend: 1
  m_UpdateMode: 0
  m_ExposedParameters:
  - guid: 418468cfd0b6559498f05e70a86eaea6
    name: masterVolume
  - guid: ac7f71f419f3db442bc44c4a78c5239a
    name: musicVolume
  - guid: 07edc3b0325035f40b8186502d3fa5e6
    name: sfxVolume
  m_AudioMixerGroupViews:
  - guids:
    - 8067f197a4ae0d64c8595b839a6eddb6
    - 77c047079836b3f41ba9aae2a34d79c9
    - 455d3d1db2672fb4ba96a48c0fa4ab03
    name: View
  m_CurrentViewIndex: 0
  m_TargetSnapshot: {fileID: 24500006}
--- !u!243 &24300002
AudioMixerGroupController:
  m_ObjectHideFlags: 0
  m_CorrespondingSourceObject: {fileID: 0}
  m_PrefabInstance: {fileID: 0}
  m_PrefabAsset: {fileID: 0}
  m_Name: Master
  m_AudioMixer: {fileID: 24100000}
  m_GroupID: 8067f197a4ae0d64c8595b839a6eddb6
  m_Children:
  - {fileID: -7446882417477552091}
  - {fileID: 8003001482436735439}
  m_Volume: 418468cfd0b6559498f05e70a86eaea6
  m_Pitch: 830f62fde99784a468820dc44de48079
  m_Send: 00000000000000000000000000000000
  m_Effects:
  - {fileID: 24400004}
  m_UserColorIndex: 0
  m_Mute: 0
  m_Solo: 0
  m_BypassEffects: 0
--- !u!244 &24400004
AudioMixerEffectController:
  m_ObjectHideFlags: 3
  m_CorrespondingSourceObject: {fileID: 0}
  m_PrefabInstance: {fileID: 0}
  m_PrefabAsset: {fileID: 0}
  m_Name: 
  m_EffectID: 62c3f25ea50d87c49853c9c05f7ff29e
  m_EffectName: Attenuation
  m_MixLevel: 044076d44ce8b14478fcfd8ee3b334b6
  m_Parameters: []
  m_SendTarget: {fileID: 0}
  m_EnableWetMix: 0
  m_Bypass: 0
--- !u!245 &24500006
AudioMixerSnapshotController:
  m_ObjectHideFlags: 0
  m_CorrespondingSourceObject: {fileID: 0}
  m_PrefabInstance: {fileID: 0}
  m_PrefabAsset: {fileID: 0}
  m_Name: Snapshot
  m_AudioMixer: {fileID: 24100000}
  m_SnapshotID: 6c70b86cc4b879644a62b7a1c45dbdd6
  m_FloatValues:
    5c9e0ea494dfa124bbe18181a22eb7ba: 1
    ac7f71f419f3db442bc44c4a78c5239a: 0.27001074
    418468cfd0b6559498f05e70a86eaea6: -0.0024419986
  m_TransitionOverrides: {}
--- !u!244 &3304271340011188534
AudioMixerEffectController:
  m_ObjectHideFlags: 3
  m_CorrespondingSourceObject: {fileID: 0}
  m_PrefabInstance: {fileID: 0}
  m_PrefabAsset: {fileID: 0}
  m_Name: 
  m_EffectID: 0f13e872bb4140145bb7ccb2350cad5e
  m_EffectName: Attenuation
  m_MixLevel: 01a3638e3cd68a04faac00385949d7ef
  m_Parameters: []
  m_SendTarget: {fileID: 0}
  m_EnableWetMix: 0
  m_Bypass: 0
--- !u!244 &6557683586306706618
AudioMixerEffectController:
  m_ObjectHideFlags: 3
  m_CorrespondingSourceObject: {fileID: 0}
  m_PrefabInstance: {fileID: 0}
  m_PrefabAsset: {fileID: 0}
  m_Name: 
  m_EffectID: 5e710b35c7396ab47a8cf9fd4fc09298
  m_EffectName: Attenuation
  m_MixLevel: 9fc43345c1c14204cb1a9a771b6f8c04
  m_Parameters: []
  m_SendTarget: {fileID: 0}
  m_EnableWetMix: 0
  m_Bypass: 0
--- !u!243 &8003001482436735439
AudioMixerGroupController:
  m_ObjectHideFlags: 0
  m_CorrespondingSourceObject: {fileID: 0}
  m_PrefabInstance: {fileID: 0}
  m_PrefabAsset: {fileID: 0}
  m_Name: SFX
  m_AudioMixer: {fileID: 24100000}
  m_GroupID: 455d3d1db2672fb4ba96a48c0fa4ab03
  m_Children: []
  m_Volume: 07edc3b0325035f40b8186502d3fa5e6
  m_Pitch: fd73084410df922408246efecac6aafe
  m_Send: 00000000000000000000000000000000
  m_Effects:
  - {fileID: 6557683586306706618}
  m_UserColorIndex: 0
  m_Mute: 0
  m_Solo: 0
  m_BypassEffects: 0
